%to put it in text: \cite{source1}

%example book
@BOOK{source1,
  TITLE = {The Title of the Book},
  SUBTITLE = {The Subtitle of the Book},
  AUTHOR = {The author of the book},
  YEAR = {The year the book was published},
  PUBLISHER = {Publisher},
}

%example website source
% @online{WinNT,
%   author = {MultiMedia LLC},
%   title = {{MS Windows NT} Kernel Description},
%   year = 1999,
%   url = {http://web.archive.org/web/20080207010024/http://www.808multimedia.com/winnt/kernel.htm},
%   urldate = {2010-09-30}
% }

%example journal article 
% @article{ullmann2010bit,
%   title={Bit-vector algorithms for binary constraint satisfaction and subgraph isomorphism},
%   author={Ullmann, Julian R},
%   journal={Journal of Experimental Algorithmics (JEA)},
%   volume={15},
%   pages={1--6},
%   year={2010},
%   publisher={ACM}
% }
%%%%%%%%%%%%%%%%%%%%%%%%%%%%%%%%%%%%%%%%

@online{dk,
  author = {DraftKings},
  title = {Our Story},
  year = 2019,
  url = {https://about.draftkings.com/?_ga=2.262532108.126649850.1554691891-710459506.1552529947},
  urldate = {2019-03-21}
}

@article{Imbalsourcegood,
    author = {Mikel Galar, Alberto Fernanadez, Edurne Barrenechea, Humberto Bustince, Francisco Herrera},
    title = {A Review on Ensembles for the Class Imbalance Problem: Bagging, Boosting, and Hybrid-Based Approaches},
    journal={IEEE Transactions on Systems, Man, and Cybernetics},
    volume = {42},
    pages = {463--484},
    year = {2011},
    publisher = {IEEE}
}

@article{Imbalsourcesmall,
    author = {Gustavo E.A.P.A. Bastista, Ronaldo C. Prati, Maria Carolina Monard},
    title = {A study of the behavior of several methods for balancing machine learning training data},
    journal = {ACM SIGKDD Explorations Newsletter},
    volume = {6},
    pages = {20--29},
    year = {2004},
    publisher = {ACM}
}

@online{Imbalsourcehuge,
    author = {Vimalraj S Spelmen, R Porkodi},
    title ={A Review on Handling Imbalanced Data},
    year = {2018},
    url= {https://ieeexplore.ieee.org/document/8551020},
    urldate = {2018-11-29}
}

@article{Imbalsources1,
    author = {Qiang Yang, Xindong Wu},
    title = {10 Challenging Problems In Data Mining Research},
    journal = {International Journal of Information Technology & Decision Making},
    volume = {5},
    pages= {597--604},
    year= {2006},
    publisher = {World Scientific Publishing Company}
}

@online{Imbalsource2,
    author = {Bing Liu, Yiming Ma, Ching Kian Wong},
    title ={Improving an Assocaition Rule Based Classifier},
    year = {2002},
    url = {https://link.springer.com/chapter/10.1007/3-540-45372-5_58},
    urldate= {2002-06-18}
}
@article{Imbalsourceold,
    author = {Guo Haixiang, Li Yijing, Jennifer Shang, Gu Mingyun, Huang Yuanyue, Gong Bing},
    title = {Learning from class-imbalanced data: Review of methods and applications}
    journal = {Expert Systems with Applications}
    volume = {73}
    pages = {220-239}
    year = {2017}
    publisher = {ELSEVIER}
    }
    